<record><leader>00000cas a22000007a 4500</leader><controlfield tag="001">2259803</controlfield><controlfield tag="008">760620d19061961pauwr ne      0    0eng d</controlfield><controlfield tag="009">54</controlfield><datafield ind1=" " ind2=" " tag="010"><subfield code="a">sn 88080740 </subfield></datafield><datafield ind1=" " ind2=" " tag="040"><subfield code="a">PIT</subfield><subfield code="b">eng</subfield><subfield code="c">PIT</subfield><subfield code="d">OCL</subfield><subfield code="d">NPH</subfield><subfield code="d">NSD</subfield></datafield><datafield ind1=" " ind2=" " tag="019"><subfield code="a">2446203</subfield></datafield><datafield ind1="1" ind2=" " tag="029"><subfield code="a">AU@</subfield><subfield code="b">000025790718</subfield></datafield><datafield ind1=" " ind2=" " tag="042"><subfield code="a">msc</subfield></datafield><datafield ind1="0" ind2="4" tag="245"><subfield code="a">The Coraopolis record.</subfield></datafield><datafield ind1="1" ind2="0" tag="246"><subfield code="a">Coraopolis record formerly the Coraopolis merchant</subfield></datafield><datafield ind1="1" ind2="0" tag="246"><subfield code="a">Record</subfield></datafield><datafield ind1=" " ind2=" " tag="260"><subfield code="a">Coraopolis, Pa. :</subfield><subfield code="b">Record Pub. Co.,</subfield><subfield code="c">1906-1961.</subfield></datafield><datafield ind1=" " ind2=" " tag="300"><subfield code="a">56 v. :</subfield><subfield code="b">ill. ;</subfield><subfield code="c">36-54 cm.</subfield></datafield><datafield ind1=" " ind2=" " tag="310"><subfield code="a">Weekly</subfield></datafield><datafield ind1="0" ind2=" " tag="362"><subfield code="a">Vol. 1, no. 1 (Mar. 8, 1906)-v. 56, no. 45 (Dec. 28, 1961).</subfield></datafield><datafield ind1=" " ind2=" " tag="500"><subfield code="a">Cover title: Record, 1909-1913.</subfield></datafield><datafield ind1=" " ind2=" " tag="752"><subfield code="a">United States</subfield><subfield code="b">Pennsylvania</subfield><subfield code="c">Allegheny</subfield><subfield code="d">Coraopolis.</subfield></datafield><datafield ind1="0" ind2="0" tag="785"><subfield code="t">Record (Coraopolis, Pa. : Coraopolis Area ed.)</subfield><subfield code="x">1047-0689</subfield><subfield code="w">(DLC)sn 88079251</subfield></datafield></record>